@misc{hkmahjongrules,
    author = "{W}ikipedia{,} the free encyclopedia",
    title = "Hong Kong Mahjong scoring rules",
    howpublished = "\url{https://en.wikipedia.org/wiki/Hong_Kong_Mahjong_scoring_rules}",
}

@misc{springbootfw,
    author = "Spring",
    title = "Spring Boot Framework",
    howpublished = "\url{https://spring.io/projects/spring-boot}",
}

@misc{mdnwebsocket,
    author = "{\relax MDN Web Docs}",
    title = "The WebSocket API",
    howpublished = "\url{https://developer.mozilla.org/en-US/docs/Web/API/WebSockets_API}",
}

